
@article{bungert2021bregman,
      title={A Bregman Learning Framework for Sparse Neural Networks}, 
      author={Leon Bungert and Tim Roith and Daniel Tenbrinck and Martin Burger},
      year={2021},
      eprint={2105.04319},
      archivePrefix={arXiv},
      primaryClass={cs.LG}
}

@article{bungert2021neural,
      title={Neural Architecture Search via Bregman Iterations}, 
      author={Leon Bungert and Tim Roith and Daniel Tenbrinck and Martin Burger},
      year={2021},
      eprint={2106.02479},
      archivePrefix={arXiv},
      primaryClass={cs.LG}
}